<?xml version="1.0" encoding="UTF-8"?>
<!DOCTYPE html PUBLIC "-//W3C//DTD XHTML 1.0 Transitional//EN"
    "http://www.w3.org/TR/xhtml1/DTD/xhtml1-transitional.dtd">
<html xmlns="http://www.w3.org/1999/xhtml" xml:lang="en" lang="en">
 <head>
  <title>
</title>
<meta http-equiv="Content-Type" content="text/html;charset=utf-8" />
  <meta name='ocr-system' content='tesseract 3.04.00' />
  <meta name='ocr-capabilities' content='ocr_page ocr_carea ocr_par ocr_line ocrx_word'/>
</head>
<body>
  <div class='ocr_page' id='page_1' title='image "./jacobibernoulli00conggoog/jacobibernoulli00conggoog_0078.png"; bbox 0 0 1098 1442; ppageno 0'>
   <div class='ocr_carea' id='block_1_1' title="bbox 322 145 595 169">
    <p class='ocr_par' dir='ltr' id='par_1_1' title="bbox 322 145 595 169">
     <span class='ocr_line' id='line_1_1' title="bbox 322 145 595 169; baseline 0.007 -2"><span class='ocrx_word' id='word_1_1' title='bbox 322 145 595 169; x_wconf 71' lang='lat' dir='ltr'><strong>DEDICATIO&#39;.</strong></span> 
     </span>
    </p>
   </div>
   <div class='ocr_carea' id='block_1_2' title="bbox 87 197 867 1004">
    <p class='ocr_par' dir='ltr' id='par_1_2' title="bbox 99 197 867 563">
     <span class='ocr_line' id='line_1_2' title="bbox 99 197 829 241; baseline -0.003 -11"><span class='ocrx_word' id='word_1_2' title='bbox 99 197 308 230; x_wconf 36' lang='lat' dir='ltr'>*abstrufiffimae</span> <span class='ocrx_word' id='word_1_3' title='bbox 320 200 459 229; x_wconf 58' lang='lat' dir='ltr'>veritates</span> <span class='ocrx_word' id='word_1_4' title='bbox 482 200 628 241; x_wconf 68' lang='lat' dir='ltr'>luparum</span> <span class='ocrx_word' id='word_1_5' title='bbox 646 198 742 230; x_wconf 67' lang='lat' dir='ltr'>aidulta</span> <span class='ocrx_word' id='word_1_6' title='bbox 762 208 829 228; x_wconf 81' lang='lat' dir='ltr'>aeta-</span> 
     </span>
     <span class='ocr_line' id='line_1_3' title="bbox 108 238 826 280; baseline 0.001 -11"><span class='ocrx_word' id='word_1_7' title='bbox 108 249 140 269; x_wconf 85' lang='lat' dir='ltr'>te</span> <span class='ocrx_word' id='word_1_8' title='bbox 165 239 200 269; x_wconf 86' lang='lat' dir='ltr'>ab</span> <span class='ocrx_word' id='word_1_9' title='bbox 225 238 429 280; x_wconf 87' lang='lat' dir='ltr'>Amplitudine</span> <span class='ocrx_word' id='word_1_10' title='bbox 455 240 520 269; x_wconf 91' lang='lat' dir='ltr'>Tua</span> <span class='ocrx_word' id='word_1_11' title='bbox 551 251 637 270; x_wconf 87' lang='lat' dir='ltr'>erutae</span> <span class='ocrx_word' id='word_1_12' title='bbox 657 262 666 275; x_wconf 93' lang='lat'>,</span> <span class='ocrx_word' id='word_1_13' title='bbox 696 242 726 270; x_wconf 90' lang='lat' dir='ltr'>in</span> <span class='ocrx_word' id='word_1_14' title='bbox 754 250 826 279; x_wconf 90' lang='lat' dir='ltr'>pro-</span> 
     </span>
     <span class='ocr_line' id='line_1_4' title="bbox 108 278 867 316; baseline 0 -7"><span class='ocrx_word' id='word_1_15' title='bbox 108 278 270 309; x_wconf 73' lang='lat' dir='ltr'>fundjffimo</span> <span class='ocrx_word' id='word_1_16' title='bbox 295 278 418 310; x_wconf 87' lang='lat' dir='ltr'>claustro</span> <span class='ocrx_word' id='word_1_17' title='bbox 444 280 503 310; x_wconf 89' lang='lat' dir='ltr'>fine</span> <span class='ocrx_word' id='word_1_18' title='bbox 530 280 724 311; x_wconf 88' lang='lat' dir='ltr'>Huddeniana</span> <span class='ocrx_word' id='word_1_19' title='bbox 746 279 839 316; x_wconf 33' lang='lat' dir='ltr'>clave,</span> <span class='ocrx_word' id='word_1_20' title='bbox 865 308 867 310; x_wconf 78' lang='grc'>,</span> 
     </span>
     <span class='ocr_line' id='line_1_5' title="bbox 108 318 829 355; baseline 0 -6"><span class='ocrx_word' id='word_1_21' title='bbox 108 330 245 355; x_wconf 85' lang='lat' dir='ltr'>aeternum</span> <span class='ocrx_word' id='word_1_22' title='bbox 263 318 383 350; x_wconf 86' lang='lat' dir='ltr'>latiturae</span> <span class='ocrx_word' id='word_1_23' title='bbox 400 324 407 350; x_wconf 89' lang='lat'>!</span> <span class='ocrx_word' id='word_1_24' title='bbox 439 319 541 350; x_wconf 75' lang='lat' dir='ltr'>Parum</span> <span class='ocrx_word' id='word_1_25' title='bbox 560 322 646 351; x_wconf 86' lang='lat' dir='ltr'>etiam</span> <span class='ocrx_word' id='word_1_26' title='bbox 664 319 757 350; x_wconf 89' lang='lat' dir='ltr'>visum</span> <span class='ocrx_word' id='word_1_27' title='bbox 773 319 829 350; x_wconf 82' lang='lat' dir='ltr'>fixit</span> 
     </span>
     <span class='ocr_line' id='line_1_6' title="bbox 109 359 828 401; baseline -0.001 -11"><span class='ocrx_word' id='word_1_28' title='bbox 109 359 307 401; x_wconf 81' lang='lat' dir='ltr'>Amplitudini</span> <span class='ocrx_word' id='word_1_29' title='bbox 332 360 426 395; x_wconf 86' lang='lat' dir='ltr'>Tuae,</span> <span class='ocrx_word' id='word_1_30' title='bbox 454 362 714 391; x_wconf 55' lang='lat' dir='ltr'>MAammca</span> <span class='ocrx_word' id='word_1_31' title='bbox 733 362 828 390; x_wconf 68' lang='lat' dir='ltr'>Fur„-</span> 
     </span>
     <span class='ocr_line' id='line_1_7' title="bbox 109 399 828 441; baseline 0 -12"><span class='ocrx_word' id='word_1_32' title='bbox 109 411 198 430; x_wconf 73' lang='lat' dir='ltr'>LENI</span> <span class='ocrx_word' id='word_1_33' title='bbox 223 422 231 435; x_wconf 91' lang='lat'>,</span> <span class='ocrx_word' id='word_1_34' title='bbox 268 399 407 430; x_wconf 89' lang='lat' dir='ltr'>summum</span> <span class='ocrx_word' id='word_1_35' title='bbox 434 401 464 430; x_wconf 90' lang='lat' dir='ltr'>in</span> <span class='ocrx_word' id='word_1_36' title='bbox 491 400 535 430; x_wconf 88' lang='lat' dir='ltr'>his</span> <span class='ocrx_word' id='word_1_37' title='bbox 564 402 645 431; x_wconf 85' lang='lat' dir='ltr'>terris</span> <span class='ocrx_word' id='word_1_38' title='bbox 673 400 828 441; x_wconf 83' lang='lat' dir='ltr'>majestatis</span> 
     </span>
     <span class='ocr_line' id='line_1_8' title="bbox 109 439 830 481; baseline -0.001 -11"><span class='ocrx_word' id='word_1_39' title='bbox 109 439 302 479; x_wconf 70' lang='lat' dir='ltr'>conscendisse</span> <span class='ocrx_word' id='word_1_40' title='bbox 321 442 434 481; x_wconf 87' lang='lat' dir='ltr'>apicem</span> <span class='ocrx_word' id='word_1_41' title='bbox 444 463 452 476; x_wconf 94' lang='lat'>,</span> <span class='ocrx_word' id='word_1_42' title='bbox 469 440 523 470; x_wconf 78' lang='lat' dir='ltr'>nifi-</span> <span class='ocrx_word' id='word_1_43' title='bbox 540 440 646 471; x_wconf 88' lang='lat' dir='ltr'>summa</span> <span class='ocrx_word' id='word_1_44' title='bbox 662 441 743 481; x_wconf 82' lang='lat' dir='ltr'>juxta</span> <span class='ocrx_word' id='word_1_45' title='bbox 755 439 830 469; x_wconf 90' lang='lat' dir='ltr'>sum-</span> 
     </span>
     <span class='ocr_line' id='line_1_9' title="bbox 108 480 829 524; baseline 0 -14"><span class='ocrx_word' id='word_1_46' title='bbox 108 482 162 510; x_wconf 88' lang='lat' dir='ltr'>mis</span> <span class='ocrx_word' id='word_1_47' title='bbox 182 480 320 516; x_wconf 85' lang='lat' dir='ltr'>adderet,</span> <span class='ocrx_word' id='word_1_48' title='bbox 350 482 383 511; x_wconf 88' lang='lat'>&amp;</span> <span class='ocrx_word' id='word_1_49' title='bbox 406 480 519 511; x_wconf 91' lang='lat' dir='ltr'>sublimi</span> <span class='ocrx_word' id='word_1_50' title='bbox 543 482 692 524; x_wconf 77' lang='lat' dir='ltr'>dignitatis</span> <span class='ocrx_word' id='word_1_51' title='bbox 713 480 829 522; x_wconf 88' lang='lat' dir='ltr'>fastigio</span> 
     </span>
     <span class='ocr_line' id='line_1_10' title="bbox 108 520 831 563; baseline -0.001 -12"><span class='ocrx_word' id='word_1_52' title='bbox 108 520 229 553; x_wconf 86' lang='lat' dir='ltr'>sublime</span> <span class='ocrx_word' id='word_1_53' title='bbox 249 520 457 562; x_wconf 84' lang='lat' dir='ltr'>Uranoscopiae</span> <span class='ocrx_word' id='word_1_54' title='bbox 468 521 593 551; x_wconf 84' lang='lat' dir='ltr'>studium</span> <span class='ocrx_word' id='word_1_55' title='bbox 610 521 746 563; x_wconf 83' lang='lat' dir='ltr'>jungeret</span> <span class='ocrx_word' id='word_1_56' title='bbox 761 532 770 556; x_wconf 81' lang='lat'>3</span> <span class='ocrx_word' id='word_1_57' title='bbox 787 520 831 550; x_wconf 88' lang='lat' dir='ltr'>id-</span> 
     </span>
    </p>

    <p class='ocr_par' dir='ltr' id='par_1_3' title="bbox 131 560 832 602">
     <span class='ocr_line' id='line_1_11' title="bbox 131 560 832 602; baseline -0.001 -11"><span class='ocrx_word' id='word_1_58' title='bbox 131 573 168 591; x_wconf 92' lang='lat' dir='ltr'>ue</span> <span class='ocrx_word' id='word_1_59' title='bbox 196 571 277 592; x_wconf 88' lang='lat' dir='ltr'>tanto</span> <span class='ocrx_word' id='word_1_60' title='bbox 300 560 521 602; x_wconf 83' lang='lat' dir='ltr'>prosequeretur</span> <span class='ocrx_word' id='word_1_61' title='bbox 546 561 647 591; x_wconf 86' lang='lat' dir='ltr'>ardore</span> <span class='ocrx_word' id='word_1_62' title='bbox 666 583 675 596; x_wconf 88' lang='lat'><strong><em>‚</em></strong></span> <span class='ocrx_word' id='word_1_63' title='bbox 704 568 737 591; x_wconf 86' lang='lat' dir='ltr'>ut</span> <span class='ocrx_word' id='word_1_64' title='bbox 766 561 832 590; x_wconf 88' lang='lat' dir='ltr'>Ge-</span> 
     </span>
    </p>

    <p class='ocr_par' dir='ltr' id='par_1_4' title="bbox 87 601 838 1004">
     <span class='ocr_line' id='line_1_12' title="bbox 145 601 833 642; baseline -0.001 -11"><span class='ocrx_word' id='word_1_65' title='bbox 145 613 215 631; x_wconf 88' lang='lat' dir='ltr'>num</span> <span class='ocrx_word' id='word_1_66' title='bbox 240 601 388 642; x_wconf 76' lang='lat' dir='ltr'>quondam</span> <span class='ocrx_word' id='word_1_67' title='bbox 422 604 476 632; x_wconf 84' lang='lat' dir='ltr'>iter</span> <span class='ocrx_word' id='word_1_68' title='bbox 502 601 574 632; x_wconf 86' lang='lat' dir='ltr'>susci</span> <span class='ocrx_word' id='word_1_69' title='bbox 597 613 644 632; x_wconf 91' lang='lat' dir='ltr'>ere</span> <span class='ocrx_word' id='word_1_70' title='bbox 659 624 669 637; x_wconf 88' lang='lat'><strong><em>‚</em></strong></span> <span class='ocrx_word' id='word_1_71' title='bbox 705 602 737 631; x_wconf 92' lang='lat'>&amp;</span> <span class='ocrx_word' id='word_1_72' title='bbox 765 612 833 631; x_wconf 85' lang='lat' dir='ltr'>cum</span> 
     </span>
     <span class='ocr_line' id='line_1_13' title="bbox 108 641 833 674; baseline -0.001 -3"><span class='ocrx_word' id='word_1_73' title='bbox 108 641 311 672; x_wconf 87' lang='lat' dir='ltr'>Celeberrimo</span> <span class='ocrx_word' id='word_1_74' title='bbox 324 654 327 658; x_wconf 84' lang='grc'><em>·</em></span> <span class='ocrx_word' id='word_1_75' title='bbox 345 643 379 671; x_wconf 90' lang='grc' dir='ltr'>Η</span> <span class='ocrx_word' id='word_1_76' title='bbox 389 653 405 672; x_wconf 80' lang='grc' dir='ltr'><strong><em>Ε</em></strong></span> <span class='ocrx_word' id='word_1_77' title='bbox 417 652 436 671; x_wconf 91' lang='lat' dir='ltr'>v</span> <span class='ocrx_word' id='word_1_78' title='bbox 447 653 463 671; x_wconf 82' lang='lat' dir='ltr'>E</span> <span class='ocrx_word' id='word_1_79' title='bbox 475 654 491 671; x_wconf 88' lang='lat' dir='ltr'>L</span> <span class='ocrx_word' id='word_1_80' title='bbox 501 654 509 672; x_wconf 88' lang='lat'>1</span> <span class='ocrx_word' id='word_1_81' title='bbox 520 653 539 672; x_wconf 94' lang='lat' dir='ltr'>o</span> <span class='ocrx_word' id='word_1_82' title='bbox 595 653 611 672; x_wconf 92' lang='lat' dir='ltr'>e</span> <span class='ocrx_word' id='word_1_83' title='bbox 623 672 625 674; x_wconf 82' lang='grc'><em>,</em></span> <span class='ocrx_word' id='word_1_84' title='bbox 644 642 833 672; x_wconf 79' lang='lat' dir='ltr'>scientiarum</span> 
     </span>
     <span class='ocr_line' id='line_1_14' title="bbox 109 681 835 723; baseline 0.001 -13"><span class='ocrx_word' id='word_1_85' title='bbox 109 681 280 712; x_wconf 87' lang='lat' dir='ltr'>nobiliffima</span> <span class='ocrx_word' id='word_1_86' title='bbox 312 681 445 712; x_wconf 89' lang='lat' dir='ltr'>conferre</span> <span class='ocrx_word' id='word_1_87' title='bbox 472 681 707 723; x_wconf 88' lang='lat' dir='ltr'>Amplitudinem</span> <span class='ocrx_word' id='word_1_88' title='bbox 738 682 835 711; x_wconf 85' lang='lat' dir='ltr'>Tuam</span> 
     </span>
     <span class='ocr_line' id='line_1_15' title="bbox 109 722 836 764; baseline -0.001 -13"><span class='ocrx_word' id='word_1_89' title='bbox 109 733 171 752; x_wconf 90' lang='lat' dir='ltr'>non</span> <span class='ocrx_word' id='word_1_90' title='bbox 186 723 325 764; x_wconf 84' lang='lat' dir='ltr'>piguerit.</span> <span class='ocrx_word' id='word_1_91' title='bbox 363 722 427 751; x_wconf 89' lang='lat' dir='ltr'>Tot</span> <span class='ocrx_word' id='word_1_92' title='bbox 442 733 515 752; x_wconf 90' lang='lat' dir='ltr'>vero</span> <span class='ocrx_word' id='word_1_93' title='bbox 533 723 726 751; x_wconf 84' lang='lat' dir='ltr'>venerationis</span> <span class='ocrx_word' id='word_1_94' title='bbox 746 732 774 751; x_wconf 87' lang='lat' dir='ltr'>ar</span> <span class='ocrx_word' id='word_1_95' title='bbox 798 733 836 751; x_wconf 81' lang='lat' dir='ltr'>u-</span> 
     </span>
     <span class='ocr_line' id='line_1_16' title="bbox 109 762 837 803; baseline -0.001 -11"><span class='ocrx_word' id='word_1_96' title='bbox 109 772 224 797; x_wconf 89' lang='lat' dir='ltr'>menta,</span> <span class='ocrx_word' id='word_1_97' title='bbox 246 762 466 791; x_wconf 72' lang='lat' dir='ltr'>AMPLlsSIMi</span> <span class='ocrx_word' id='word_1_98' title='bbox 494 762 602 797; x_wconf 87' lang='lat' dir='ltr'>V1R1,</span> <span class='ocrx_word' id='word_1_99' title='bbox 625 763 745 803; x_wconf 90' lang='lat' dir='ltr'>propius</span> <span class='ocrx_word' id='word_1_100' title='bbox 764 773 779 791; x_wconf 84' lang='lat' dir='ltr'>a</span> <span class='ocrx_word' id='word_1_101' title='bbox 800 772 837 791; x_wconf 90' lang='lat' dir='ltr'>o-</span> 
     </span>
     <span class='ocr_line' id='line_1_17' title="bbox 110 800 836 837; baseline -0.003 -5"><span class='ocrx_word' id='word_1_102' title='bbox 110 813 226 837; x_wconf 86' lang='lat' dir='ltr'>raturo,</span> <span class='ocrx_word' id='word_1_103' title='bbox 248 803 280 832; x_wconf 72' lang='grc' dir='ltr'>δε</span> <span class='ocrx_word' id='word_1_104' title='bbox 299 801 336 832; x_wconf 88' lang='lat' dir='ltr'>ad</span> <span class='ocrx_word' id='word_1_105' title='bbox 355 812 413 831; x_wconf 90' lang='lat' dir='ltr'>aras</span> <span class='ocrx_word' id='word_1_106' title='bbox 432 801 552 832; x_wconf 82' lang='lat' dir='ltr'>Vestras</span> <span class='ocrx_word' id='word_1_107' title='bbox 571 800 764 831; x_wconf 86' lang='lat' dir='ltr'>humillimum</span> <span class='ocrx_word' id='word_1_108' title='bbox 779 803 836 832; x_wconf 89' lang='lat' dir='ltr'>mi-</span> 
     </span>
     <span class='ocr_line' id='line_1_18' title="bbox 110 840 835 884; baseline -0.003 -12"><span class='ocrx_word' id='word_1_109' title='bbox 110 842 142 872; x_wconf 89' lang='lat' dir='ltr'>hi</span> <span class='ocrx_word' id='word_1_110' title='bbox 158 852 291 884; x_wconf 83' lang='lat' dir='ltr'>paraturo</span> <span class='ocrx_word' id='word_1_111' title='bbox 306 841 431 877; x_wconf 84' lang='lat' dir='ltr'>aditum,</span> <span class='ocrx_word' id='word_1_112' title='bbox 453 843 584 883; x_wconf 86' lang='lat' dir='ltr'>quamvis</span> <span class='ocrx_word' id='word_1_113' title='bbox 601 853 655 872; x_wconf 84' lang='lat' dir='ltr'>nec</span> <span class='ocrx_word' id='word_1_114' title='bbox 673 841 765 871; x_wconf 80' lang='lat' dir='ltr'>denfis</span> <span class='ocrx_word' id='word_1_115' title='bbox 782 840 835 871; x_wconf 60' lang='lat' dir='ltr'>fis-</span> 
     </span>
     <span class='ocr_line' id='line_1_19' title="bbox 112 880 834 923; baseline -0.003 -10"><span class='ocrx_word' id='word_1_116' title='bbox 112 884 192 913; x_wconf 89' lang='lat' dir='ltr'>cibus</span> <span class='ocrx_word' id='word_1_117' title='bbox 203 904 211 917; x_wconf 93' lang='lat'>,</span> <span class='ocrx_word' id='word_1_118' title='bbox 230 893 285 912; x_wconf 90' lang='lat' dir='ltr'>nec</span> <span class='ocrx_word' id='word_1_119' title='bbox 303 880 376 923; x_wconf 86' lang='lat' dir='ltr'>spiffi</span> <span class='ocrx_word' id='word_1_120' title='bbox 393 881 550 912; x_wconf 88' lang='lat' dir='ltr'>voluminis</span> <span class='ocrx_word' id='word_1_121' title='bbox 570 881 743 912; x_wconf 84' lang='lat' dir='ltr'>hecatombe</span> <span class='ocrx_word' id='word_1_122' title='bbox 761 880 834 911; x_wconf 86' lang='lat' dir='ltr'>alta-</span> 
     </span>
     <span class='ocr_line' id='line_1_20' title="bbox 112 921 837 963; baseline -0.001 -11"><span class='ocrx_word' id='word_1_123' title='bbox 112 924 153 952; x_wconf 83' lang='lat' dir='ltr'>ria</span> <span class='ocrx_word' id='word_1_124' title='bbox 167 922 238 952; x_wconf 91' lang='lat' dir='ltr'>mihi</span> <span class='ocrx_word' id='word_1_125' title='bbox 256 922 384 957; x_wconf 85' lang='lat' dir='ltr'>fument,</span> <span class='ocrx_word' id='word_1_126' title='bbox 403 922 522 963; x_wconf 89' lang='lat' dir='ltr'>perinde</span> <span class='ocrx_word' id='word_1_127' title='bbox 539 932 571 952; x_wconf 86' lang='lat' dir='ltr'>ut</span> <span class='ocrx_word' id='word_1_128' title='bbox 589 921 664 957; x_wconf 88' lang='lat' dir='ltr'>aliis,</span> <span class='ocrx_word' id='word_1_129' title='bbox 681 923 732 963; x_wconf 87' lang='lat' dir='ltr'>qui</span> <span class='ocrx_word' id='word_1_130' title='bbox 750 932 837 963; x_wconf 87' lang='lat' dir='ltr'>gran--</span> 
     </span>
     <span class='ocr_line' id='line_1_21' title="bbox 87 961 838 1004; baseline -0.004 -11"><span class='ocrx_word' id='word_1_131' title='bbox 87 981 97 1004; x_wconf 89' lang='lat'>.&#39;</span> <span class='ocrx_word' id='word_1_132' title='bbox 113 963 227 993; x_wconf 91' lang='lat' dir='ltr'>diorum</span> <span class='ocrx_word' id='word_1_133' title='bbox 244 963 364 993; x_wconf 89' lang='lat' dir='ltr'>uberum</span> <span class='ocrx_word' id='word_1_134' title='bbox 378 962 498 1004; x_wconf 84' lang='lat' dir='ltr'>pascunt</span> <span class='ocrx_word' id='word_1_135' title='bbox 514 973 636 1003; x_wconf 85' lang='lat' dir='ltr'>pecora,</span> <span class='ocrx_word' id='word_1_136' title='bbox 657 963 690 992; x_wconf 89' lang='lat'>&amp;</span> <span class='ocrx_word' id='word_1_137' title='bbox 711 961 838 1003; x_wconf 86' lang='lat' dir='ltr'>amplio-</span> 
     </span>
    </p>
   </div>
   <div class='ocr_carea' id='block_1_3' title="bbox 112 999 890 1044">
    <p class='ocr_par' dir='ltr' id='par_1_5' title="bbox 112 999 890 1044">
     <span class='ocr_line' id='line_1_22' title="bbox 112 999 890 1044; baseline -0.001 -12"><span class='ocrx_word' id='word_1_138' title='bbox 112 999 185 1033; x_wconf 35' lang='lat' dir='ltr'>rem*</span> <span class='ocrx_word' id='word_1_139' title='bbox 197 1001 382 1033; x_wconf 82' lang='lat' dir='ltr'>foeeundions</span> <span class='ocrx_word' id='word_1_140' title='bbox 402 1004 510 1044; x_wconf 81' lang='lat' dir='ltr'>lngenii</span> <span class='ocrx_word' id='word_1_141' title='bbox 527 1004 560 1033; x_wconf 72' lang='grc' dir='ltr'>δι</span> <span class='ocrx_word' id='word_1_142' title='bbox 577 1001 744 1032; x_wconf 86' lang='lat' dir='ltr'>eruditionis</span> <span class='ocrx_word' id='word_1_143' title='bbox 762 1000 838 1031; x_wconf 90' lang='lat' dir='ltr'>mes-</span> <span class='ocrx_word' id='word_1_144' title='bbox 886 1017 890 1021; x_wconf 82' lang='lat'><em>-</em></span> 
     </span>
    </p>
   </div>
   <div class='ocr_carea' id='block_1_4' title="bbox 113 1041 839 1203">
    <p class='ocr_par' dir='ltr' id='par_1_6' title="bbox 113 1041 839 1164">
     <span class='ocr_line' id='line_1_23' title="bbox 113 1041 837 1077; baseline -0.001 -4"><span class='ocrx_word' id='word_1_145' title='bbox 113 1042 172 1073; x_wconf 88' lang='lat' dir='ltr'>sem</span> <span class='ocrx_word' id='word_1_146' title='bbox 193 1042 285 1072; x_wconf 88' lang='lat' dir='ltr'>facere</span> <span class='ocrx_word' id='word_1_147' title='bbox 311 1042 521 1073; x_wconf 86' lang='lat' dir='ltr'>consueverunt</span> <span class='ocrx_word' id='word_1_148' title='bbox 543 1054 552 1077; x_wconf 88' lang='lat'>;</span> <span class='ocrx_word' id='word_1_149' title='bbox 586 1041 672 1072; x_wconf 86' lang='lat' dir='ltr'>liceat</span> <span class='ocrx_word' id='word_1_150' title='bbox 702 1052 796 1072; x_wconf 88' lang='lat' dir='ltr'>tamen</span> <span class='ocrx_word' id='word_1_151' title='bbox 818 1053 837 1072; x_wconf 86' lang='lat' dir='ltr'>e</span> 
     </span>
     <span class='ocr_line' id='line_1_24' title="bbox 116 1080 839 1124; baseline -0.001 -11"><span class='ocrx_word' id='word_1_152' title='bbox 116 1080 195 1113; x_wconf 69' lang='lat' dir='ltr'>curtzi</span> <span class='ocrx_word' id='word_1_153' title='bbox 211 1081 399 1124; x_wconf 76' lang='lat' dir='ltr'>&#39;supellecffile</span> <span class='ocrx_word' id='word_1_154' title='bbox 416 1084 448 1113; x_wconf 89' lang='lat'>&amp;</span> <span class='ocrx_word' id='word_1_155' title='bbox 470 1082 557 1113; x_wconf 84' lang='lat' dir='ltr'>sterili</span> <span class='ocrx_word' id='word_1_156' title='bbox 574 1081 658 1112; x_wconf 87' lang='lat' dir='ltr'>meffe</span> <span class='ocrx_word' id='word_1_157' title='bbox 675 1093 725 1123; x_wconf 86' lang='lat' dir='ltr'>par</span> <span class='ocrx_word' id='word_1_158' title='bbox 742 1093 839 1112; x_wconf 88' lang='lat' dir='ltr'>turtu-</span> 
     </span>
     <span class='ocr_line' id='line_1_25' title="bbox 115 1122 838 1164; baseline -0.003 -10"><span class='ocrx_word' id='word_1_159' title='bbox 115 1133 178 1154; x_wconf 85' lang='lat' dir='ltr'>rum</span> <span class='ocrx_word' id='word_1_160' title='bbox 196 1123 228 1153; x_wconf 90' lang='lat'>&amp;</span> <span class='ocrx_word' id='word_1_161' title='bbox 247 1133 350 1164; x_wconf 85' lang='lat' dir='ltr'>paucas</span> <span class='ocrx_word' id='word_1_162' title='bbox 370 1124 467 1156; x_wconf 91' lang='lat' dir='ltr'>Vobis</span> <span class='ocrx_word' id='word_1_163' title='bbox 490 1122 729 1164; x_wconf 79' lang='lat' dir='ltr'>spicas-adolere.</span> <span class='ocrx_word' id='word_1_164' title='bbox 770 1123 838 1152; x_wconf 82' lang='lat' dir='ltr'>Ac-</span> 
     </span>
    </p>

    <p class='ocr_par' dir='ltr' id='par_1_7' title="bbox 484 1161 837 1203">
     <span class='ocr_line' id='line_1_26' title="bbox 484 1161 837 1203; baseline -0.008 -9"><span class='ocrx_word' id='word_1_165' title='bbox 484 1164 514 1194; x_wconf 87' lang='lat' dir='ltr'>A</span> <span class='ocrx_word' id='word_1_166' title='bbox 536 1175 553 1201; x_wconf 83' lang='lat'><em>3</em></span> <span class='ocrx_word' id='word_1_167' title='bbox 569 1170 575 1174; x_wconf 78' lang='grc'><em>“</em></span> <span class='ocrx_word' id='word_1_168' title='bbox 739 1161 837 1203; x_wconf 78' lang='lat' dir='ltr'>quies-</span> 
     </span>
    </p>
   </div>
  </div>
 </body>
</html>
