1098 1442
280 147 405 183 heredi,
426 146 477 178 sed
495 144 663 182 doarium
688 133 834 178 fimillimo
836 157 911 189 que
903 134 999 179 Prae-

277 196 391 236 ceptori
406 191 582 234 Discipulo,
612 193 661 226 cui
681 157 908 226 ΟοῘΙεόὶὶοιιειιι
924 192 998 224 hane

276 240 422 280 offerrem
417 240 524 282 prius,
551 250 638 281 quam
660 238 725 275 Illi,
747 239 830 280 cujus
845 238 997 287 diligentia

276 289 309 319 &
324 289 527 330 benignitate
517 297 640 329 Ἢηςεὲτει
652 286 730 319 faista
744 287 786 318 est
804 289 837 319 &
854 288 997 330 amplior;

276 337 324 368 cui
342 335 474 382 denique
485 336 588 371 notas,
608 332 744 376 ςιιίῐιιιε,
757 330 790 366 u't
796 337 907 378 potui,
926 335 996 381 loca

276 378 413 425 quaedam
421 374 565 414 illustrare
572 391 691 412 conatus
706 380 781 417 sum,
796 381 899 413 melius
916 393 996 419 qom-

276 428 463 463 mendatem,
489 438 576 482 quam
597 426 696 463 Viro,
725 428 808 469 cujus
829 428 995 461 hortatione

276 477 310 507 &
315 472 482 517 εκεηιρΙζ)”
484 486 561 505 mam
576 474 750 505 monstrante
767 475 902 507 indudkus
917 475 995 513 sum,

275 532 309 552 ut
329 522 372 552 id
384 523 480 563 operis
501 519 679 562 susciperem.
720 520 771 550 Tu
793 521 894 562 igitur
908 516 994 563 quic-

275 570 348 612 quid
367 570 398 600 id
413 570 473 606 est,
494 569 554 602 five
572 568 786 613 munusculum,
807 569 887 603 five,
907 580 940 600 ut
960 581 994 601 e-

275 628 319 659 go
344 615 472 659 censeo,
506 615 589 657 quod
614 616 753 657 optimam
778 625 856 645 certe
885 625 995 656 pai-tem

223 664 225 666 ’
275 663 333 703 jam
349 661 467 700 Tuum,
492 668 588 697 nunc,
600 660 707 691 veluti
725 660 851 702 quodam
867 660 994 692 alluvio-
1014 666 1017 668 '

273 710 317 740 nis
332 709 422 750 jure,
451 707 588 740 accrescit·
603 706 677 740 Tibi·
696 716 811 743 totum,
835 708 936 749 accipe
960 708 993 739 &

273 765 366 785 muare
388 765 436 784 me
466 755 595 795 pergito.
644 754 694 783 Sic
717 752 764 786 Te
789 754 876 798 Deus
899 752 993 794 sospi-
1015 758 1018 760 ’

273 808 339 832 tet,
358 797 502 840 nobisque
516 807 549 828 ut
565 796 715 831 diutiffime
734 792 815 828 vivas
837 799 869 830 &
886 797 992 830 felicis

271 843 342 877 fime
361 842 513 877 concedat
555 841 641 875 Vale.
678 841 819 875 Genevae
841 839 904 873 Cal.
926 841 993 874 Oc-

273 890 336 924 tob.
360 901 445 928 1743
987 920 989 922 .

705 1137 708 1141 ’
726 1162 729 1164 -
774 1138 777 1140 ’
793 1131 990 1185 merromv
